<record><leader>00000cas a22000007a 4500</leader><controlfield tag="001">22484999</controlfield><controlfield tag="008">901010c19909999nyumr ne      0   a0eng c</controlfield><datafield ind1=" " ind2=" " tag="010"><subfield code="a">sn 90003877 </subfield></datafield><datafield ind1=" " ind2=" " tag="040"><subfield code="a">NSD</subfield><subfield code="b">eng</subfield><subfield code="c">NSD</subfield><subfield code="d">OCLCQ</subfield></datafield><datafield ind1=" " ind2=" " tag="012"><subfield code="m">1</subfield></datafield><datafield ind1="1" ind2=" " tag="022"><subfield code="a">1053-1211</subfield><subfield code="l">1053-1211</subfield><subfield code="2">1</subfield></datafield><datafield ind1=" " ind2=" " tag="032"><subfield code="a">005558</subfield><subfield code="b">USPS</subfield></datafield><datafield ind1=" " ind2=" " tag="037"><subfield code="b">The Voice of Orthodoxy, 36-04  23rd Ave., Long Island City, NY 11105</subfield></datafield><datafield ind1=" " ind2=" " tag="042"><subfield code="a">nsdp</subfield><subfield code="a">pcc</subfield></datafield><datafield ind1=" " ind2="4" tag="222"><subfield code="a">He&#772; Pho&#772;ne&#772; te&#772;s orthodoxias</subfield></datafield><datafield ind1="0" ind2="4" tag="245"><subfield code="a">He&#772; Pho&#772;ne&#772; te&#772;s orthodoxias =</subfield><subfield code="b">The Voice of orthodoxy.</subfield></datafield><datafield ind1="1" ind2="1" tag="246"><subfield code="a">Voice of orthodoxy</subfield></datafield><datafield ind1=" " ind2=" " tag="260"><subfield code="a">Nea Yorke&#772; :</subfield><subfield code="b">[s.n.],</subfield><subfield code="c">1990-</subfield></datafield><datafield ind1=" " ind2=" " tag="300"><subfield code="a">v.</subfield></datafield><datafield ind1=" " ind2=" " tag="310"><subfield code="a">Monthly</subfield></datafield><datafield ind1="0" ind2=" " tag="362"><subfield code="a">Etos 1., teuch. 1. (Ioul. 1990)-</subfield></datafield><datafield ind1=" " ind2=" " tag="500"><subfield code="a">&quot;Me&#772;niaia ekdose&#772; gia te&#772;n Helle&#772;nike&#772; Orthodoxe&#772; ekkle&#772;sia to&#772;n g.o.x. te&#772;s Amerike&#772;s.&quot;</subfield></datafield><datafield ind1=" " ind2=" " tag="752"><subfield code="a">United States</subfield><subfield code="b">New York</subfield><subfield code="c">Queens</subfield><subfield code="d">Long Island City.</subfield></datafield></record>